3460 5150
411 427 467 475 ns
496 417 757 475 rornsrnrn
789 422 1074 477 uarnnanvn.
1400 419 1436 478 ¹3

216 579 261 664 a)
274 587 312 651 9
343 575 396 644 Be
412 575 590 666 profertur
608 599 680 647 non
701 599 795 644 secus
817 601 857 646 ac
879 575 899 644 d
920 578 1138 649 Latinomm.
1162 579 1288 648 Carent
1302 579 1432 648 Arabes

127 707 227 778 litera
240 733 270 800 p
277 759 288 798 ‚
309 710 406 799 eique
429 709 660 800 substituunt,
681 721 851 802 quantum
872 685 1098 803 fieri'potest‚
1119 715 1254 782 literam
1276 713 1307 782 b.

212 855 248 941 ὅ)
271 875 309 938 ζ,
340 851 385 920 tt
406 851 536 921 obtinet
556 855 707 924 valorem
722 853 839 922 literae
856 855 1037 922 emolliter
1049 858 1210 947 prolatae,
1222 869 1262 924 ut
1275 857 1313 922 in
1332 867 1425 924 tuus.

209 1005 243 1088 Ιι)
263 1014 301 1090 0
323 1001 409 1072 Diae
423 1003 667 1095 pronuntiatur
679 1003 788 1072 ferme
797 1017 837 1071 ut
845 1005 1099 1074 Graecorum&
1114 1019 1147 1073 et
1165 1007 1204 1098 elz
1216 1007 1425 1095 Anglorum,

123 1139 326 1230 interposito
348 1139 504 1206 videlicet
524 1137 662 1226 linguae
685 1161 850 1207 mucrone
870 1140 963 1208 inter
984 1152 1166 1229 utramque
1193 1105 1349 1208 dentium
1374 1162 1426 1206 se·

125 1266 215 1334 riem
242 1265 289 1332 ita
319 1277 359 1331 ut
389 1277 485 1332 sonet
506 1287 524 1327 a
545 1264 709 1328 blaesum.
752 1263 869 1352 Vulgo
890 1280 1004 1334 tamen
1026 1267 1156 1346 Arabes
1178 1266 1266 1331 han'c
1287 1263 1422 1332 literam

122 1415 140 1458 a
163 1393 382 1482 praecedente
401 1414 525 1480 parum
548 1401 606 1456 aut
625 1389 712 1454 nihil
734 1393 997 1480 pronunciando
1019 1391 1248 1480 distinguunt,
1269 1401 1310 1456 ut
1325 1365 1420 1456 utra-

122 1541 188 1608 que
211 1529 226 1583 t
248 1529 350 1584 sonet.
387 1518 507 1584 Persae
530 1527 563 1580 et
588 1511 722 1580 'Parcae
741 1526 779 1602 ζ,
800 1520 1032 1608 pronunciant
1053 1531 1093 1586 ut
1114 1505 1298 1584 Gallorum
1321 1539 1351 1596 ρ.
1380 1515 1422 1582 ln

124 1653 295 1722 codicibus
311 1651 550 1740 manuscriptis
565 1673 602 1736 ζ,
622 1662 655 1716 et
670 1661 707 1736 ζ,
720 1673 961 1740 saepenumero
980 1655 1127 1723 invicem
1150 1651 1419 1734 confunduntur.

206 1799 240 1894 5)
266 1825 295 1906 ζ
324 1800 474 1868 Dachim
497 1809 595 1865 sonat
619 1811 661 1864 nt
684 1799 849 1868 Italorum
871 1829 899 1892 g
920 1817 998 1872 ante
1026 1806 1042 1871 a·
1066 1806 1102 1872 in
1120 1805 1305 1896 giardino.
1347 1804 1434 1888 Ae·¹

121 1935 231 2027 gyptii
260 1949 378 2001 tamen
409 1936 498 1999 hanc
522 1931 658 2000 literam
679 1934 910 2019 pronuntiant
937 1949 978 2020 pt
1006 1939 1172 2006 Germani
1196 1963 1224 2026 g
1250 1938 1288 2004 in
1321 1937 1420 2020 Gaea,

116 2076 205 2154 gut,
232 2074 291 2131 aut
313 2060 405 2127 Galli
429 2059 467 2124 in
484 2057 632 2146 garder.

208 2212 243 2290 6)
266 2235 294 2302 ζ
317 2201 405 2270 Hiar
425 2211 475 2278 est
496 2223 540 2266 ex
562 2198 817 2288 difficilioribus,
839 2200 910 2269 imo
925 2203 1041 2274 forsan
1057 2203 1243 2294 Europaeis
1260 2203 1418 2272 omnium

118 2339 332 2422 difficillima,
351 2331 607 2424 pronuncianda
629 2353 709 2396 cum
731 2330 885 2398 maxima
906 2331 1143 2422 adspiratione,
1157 2357 1243 2423 quae
1261 2335 1418 2402 eliciatur

120 2468 165 2534 ab
187 2475 358 2553 seperta,
386 2481 468 2546 quae
489 2457 609 2524 dividit
631 2468 753 2543 guttur
774 2480 793 2522 a
813 2469 970 2544 pectore,
998 2479 1058 2526 seu
1088 2459 1129 2526 ab
1156 2459 1228 2526 irno
1255 2457 1417 2547 gutturis,

118 2604 155 2658 et
175 2589 276 2660 initio
291 2585 455 2676 ,pectoris3
474 2584 575 2648 habet
594 2583 740 2650 currdcm
761 2606 904 2672 sonum,
926 2606 1029 2672 quem
1041 2585 1121 2674 ¹quis
1142 2607 1269 2672 magno
1289 2583 1416 2672 frigore

121 2727 298 2806 correptus
320 2714 435 2780 ambas
457 2732 579 2775 manus
599 2709 702 2774 simul
723 2709 877 2778 fricando
898 2683 1006 2800 elicit,
1027 2711 1132 2780 alilah.
1173 2711 1255 2778 Nou
1271 2722 1321 2776 est
1334 2733 1417 2776 con·

116 2842 294 2912 ¹fundenda
314 2840 416 2906 banus
434 2839 549 2904 literae
571 2837 809 2926 pronunciatio
832 2860 911 2904 oum
930 2860 1017 2903 sono
1034 2837 1147 2906 literae
1178 2859 1196 2909 a
1221 2836 1300 2915 He,
1328 2855 1414 2921 quae

119 2993 200 3038 cum
221 2965 447 3056 adspiratione
470 2964 607 3053 quidem
629 2963 895 3052 pronunciatur,
915 2961 973 3028 sed
994 2959 1093 3050 plane
1114 2959 1277 3026 diversas
1296 2959 1412 3040 literae

119 3127 152 3195 ζ
174 3091 410 3184 adspiratione.
430 3071 465 3176 l')

214 3235 314 3353 7ιὲ
338 3225 589 3321 pronunciatur
612 3227 704 3317 utip
726 3227 916 3314 Graecum,
943 3247 1002 3292 seu
1030 3226 1145 3316 potius
1166 3239 1206 3294 ut
1229 3226 1411 3294 Germani·

118 3381 197 3429 cnm
226 3359 286 3439 cd,
312 3358 341 3424 si
369 3359 517 3426 vocalem
546 3378 571 3421 c
598 3353 769 3442 sequitur,
801 3349 924 3418 maiori
951 3361 1168 3432 tamencum
1189 3354 1410 3440 vehementia,

115 3485 229 3552 elicita
250 3485 323 3550 eius
343 3507 429 3552 sono
452 3505 470 3548 a
492 3479 603 3548 modia
631 3479 781 3566 gutturis
804 3487 915 3566 parte,
941 3499 1021 3542 cnm
1050 3499 1134 3545 uvae
1161 3477 1317 3546 faucium
1339 3492 1409 3546 tre-

115 3611 322 3698 mulatione,
349 3610 443 3697 quasi
470 3631 551 3674 cuna
574 3608 670 3674 litera
694 3629 713 3670 r
734 3606 864 3690 mixt03
894 3605 938 3670 ad
964 3603 1125 3670 amussim
1147 3606 1309 3695 congruit
1326 3629 1411 3674 cum

116 3759 220 3818 sono,
242 3759 343 3829 quem
365 3738 408 3810 ad
427 3737 621 3824 spuendum
642 3757 677 3802 se
697 3753 902 3825 praeparans
923 3729 1032 3816 elicit,
1052 3732 1105 3798 uti
1125 3736 1211 3802 clarc.
1232 3733 1291 3821 **)

201 3883 237 3968 8)
256 3895 275 3944 >
302 3878 380 3956 Dal
401 3889 450 3943 est
472 3877 600 3944 dlenis
621 3878 828 3945 Latinorum
850 3887 883 3942 et
905 3851 1169 3944 Germanorum.

200 4025 237 4109 9)
258 4023 277 4102 's
302 3993 399 4089 Dia!
413 4021 660 4108 pronuntiatur
675 4019 798 4087 orme
825 4019 912 4086 siem
940 4019 962 4086 ὃ
991 4017 1181 4107 Graecum,
1208 4013 1406 4102 interposita

180 4273 205 4340 ⁴¹)
222 4277 270 4328 Usi
288 4293 378 4331 ιιιιιιιιι
396 4277 482 4330 serbis
499 4275 583 4330 Διιτ.
602 4275 749 4328 Aurana
767 4271 876 4327 Instite-
902 4273 1054 4328 Gramma.
1072 4267 1157 4327 Arai.
1174 4289 1201 4340 p.
1217 4287 1245 4343 9.

184 4376 218 4444 ⁰)
237 4375 328 4446 Δηὼ
343 4377 364 4430 l.
382 4395 406 4428 c·
1277 4377 1280 4384 '
