3460 5150
268 467 311 537 58
525 539 529 548 ,
647 471 730 528 ιιι.
760 471 807 522 ιι.
836 469 983 524 carvr
1011 470 1199 526 ιιιιιιιι

276 665 360 734 aliae
382 671 463 728 aunt
485 681 505 727 a
525 655 729 725 radicalibue
750 655 900 722 diversae
907 701 918 742 ,
939 663 979 720 ut
1000 635 1079 740 ,Μ
1105 656 1265 745 accersit,
1288 653 1343 725 vel
1364 653 1509 746 deniqne
1532 675 1580 726 ex

276 835 423 910 utroque
442 835 566 907 genere
587 815 864 902 coniunguntur,
886 822 926 876 ut
946 773 1023 898 „ir”
1056 815 1188 904 accepit
1226 813 1315 908 quid
1344 827 1385 882 ut
1415 827 1580 906 gratum.

278 957 376 1041 Quae
398 955 464 1022 hoa
486 951 588 1019 modo
613 974 633 1018 a
654 947 757 1018 verbo
777 947 953 1037 primitivo
980 947 1124 1016 formari
1145 946 1289 1040 possunt
1311 949 1494 1018 derivativa
1516 949 1580 1018 etsi

278 1085 394 1153 minua
415 1081 479 1149 rita
499 1091 534 1146 et
554 1089 633 1169 apte
662 1073 939 1164 coniugationea
959 1076 1188 1168 appellentur,
1206 1079 1239 1162 ¹⁸¹)
1268 1088 1385 1144 tamen
1402 1075 1483 1168 quia
1499 1075 1593 1144 haec·

279 1209 463 1282 verborum
484 1203 753 1272 derivativorum
772 1199 954 1289 appellatio
975 1203 1055 1270 inde
1077 1201 1119 1268 ab
1131 1202 1281 1292 Erpenio
1302 1205 1395 1294 apud
1414 1214 1581 1272 nostrates

281 1331 536 1402 Grammaticos
558 1351 623 1396 ιιιιι
641 1340 690 1394 eat
709 1339 864 1418 recepta,
887 1329 1004 1396 eadem
1025 1328 1122 1397 nobie
1143 1328 1321 1397 retinenda
1341 1331 1529 1400 videbatur.

368 1495 550 1568 CXXVII.
592 1499 628 1567 A
650 1493 767 1564 Verbo
792 1496 966 1585 primitivo
988 1497 1134 1565 trilitero
1156 1498 1272 1590 plures
1289 1469 1583 1595 ⁸poseant-species

283 1627 486 1698 derivativae
515 1648 573 1692 aen
604 1621 869 1712 coniugationea
898 1622 1032 1690 deduci.
1077 1623 1196 1692 Solent
1223 1624 1328 1714 vulgo
1351 1645 1473 1692 earum
1496 1623 1583 1692 duo·

285 1754 398 1824 decim
418 1753 595 1843 recenseri,
616 1763 656 1819 ut
677 1749 829 1842 proinde,
849 1747 1038 1818 aiformam
1054 1751 1263 1840 primitivam
1282 1753 1496 1837 adnumeres,
1515 1741 1587 1819 tre?

285 1881 398 1950 decim
419 1880 522 1948 uniua
535 1879 645 1947 Verbi
660 1877 729 1943 sint
749 1874 883 1964 Species
903 1897 962 1943 reu
978 1878 1250 1966 coniugatione.
1288 1879 1377 1944 Sunt
1388 1881 1479 1944 inter
1494 1879 1585 1944 Ara·

285 2009 342 2076 bea
367 2003 613 2086 Grammatici,
638 1999 697 2089 qui
719 1997 918 2104 quindecim
947 2003 1260 2070 numerent‘Verbi
1282 2006 1386 2070 unius
1409 2005 1584 2090 coniuga-

286 2136 405 2202 tiones.
450 2132 565 2199 Verba
593 2125 813 2216 quadrilitera
840 2121 933 2188 haud
955 2125 1068 2213 plurea
1090 2147 1194 2218 quam
1218 2139 1374 2216 quatuor
1395 2141 1586 2218 agnoscunt

286 2257 561 2344 Coniugationea.

374 2421 572 2491 cxxvm.
603 2417 867 2508 coniugationes
882 2416 1049 2488 derivatae
1069 2421 1107 2489 in
1130 2434 1201 2490 trec
1223 2422 1352 2492 Classes
1373 2423 1592 2515 dividantur„

288 2575 436 2646 quarum
452 2549 565 2640 prima
587 2546 738 2614 continet
759 2547 921 2614 formatas
944 2547 1165 2640 aprimitiva,
1178 2550 1381 2628 strematico,
1399 2551 1586 2618 adlectione

287 2680 408 2770 unius,
433 2675 577 2745 secunda
599 2675 759 2762 duarum,
780 2673 877 2739 tertia
900 2672 1007 2738 trium
1029 2673 1218 2743 literarum.
1245 2677 1316 2744 Eae
1336 2675 1462 2744 adscito
1484 2699 1586 2766 para·

289 2823 436 2912 dignate
456 2805 544 2910 ,iv
543 2817 609 2885 hoo
630 2815 734 2882 modo
755 2825 1066 2906 reprzaesentantur

374 4084 446 4168 Qui
465 4045 662 4173 quindecim
681 4089 866 4147 numerant
882 4077 1146 4168 coniugationet
1158 4071 1368 4165 (CXXVII.)
1389 4075 1471 4148 duee
1485 4079 1586 4150 haene

291 4210 442 4300 addunt,
461 4210 586 4278 inserte
607 4205 706 4273 litera
730 4204 816 4273 Νιιιι
835 4205 1014 4276 formatae:

355 4441 380 4513 'l
398 4443 442 4497 (ll.
460 4439 496 4496 t.
514 4441 723 4497 Sounoua
740 4443 908 4497 laetitiae!
912 4437 1040 4517 semelem.
1059 4447 1140 4522 king:
1159 4439 1245 4498 Hebr.
1261 4459 1290 4512 p·
1306 4435 1367 4506 ²⁵9·
