3448 5156
672 429 917 480 arrnunrx.
1385 427 1451 517 595

146 651 240 712 rex:
283 623 358 739 qui
374 623 586 740 scyphum
604 627 825 742 surripuit,
856 657 956 718 eum
988 657 1076 720 non
1105 625 1269 744 reddet,
1301 642 1449 754 etqui

150 828 411 930 observavit,
469 829 610 914 furem
648 861 735 940 non
769 832 944 946 prodet,
1001 866 1130 922 nemo
1178 841 1445 956 exploretur!

148 1032 268 1121 Exiit
296 1034 429 1146 igitur
458 1028 554 1139 ille,
582 1033 657 1145 qui
685 1035 899 1149 scyphum
931 1036 1216 1149 subduxerat,
1259 1075 1446 1162 eumque

149 1235 376 1352 confregit,
433 1254 563 1348 atque
604 1265 735 1348 quam
772 1267 854 1352 pro
894 1237 969 1322 illo
1008 1243 1173 1354 accepit
1214 1251 1447 1360 pecuniam

151 1435 363 1552 impendit
387 1465 518 1522 zonae
548 1441 725 1552 ensique
752 1467 834 1524 suo
864 1437 1073 1542 ornando,
1102 1461 1229 1558 atque
1258 1451 1446 1560 pretioso

149 1638 419 1728 vestimento.
476 1645 574 1748 Quo
604 1657 756 1726 ornatu
785 1667 922 1753 quum
951 1613 1051 1752 post
1072 1643 1250 1758 aliquod
1279 1671 1448 1766 tempus

150 1841 270 1928 idem
298 1843 366 1928 vir
394 1843 448 1927 in»
478 1841 610 1926 simili
646 1843 766 1955 regio
805 1842 1005 1926 convivio
1045 1829 1344 1964 compareret,
1371 1885 1451 1943 rex

155 2073 255 2132 eum
297 2045 355 2130 ad
392 2075 437 2130 se
474 2045 659 2147 vocavit,
704 2047 832 2158 eique
869 2043 992 2128 dixit:
1029 2043 1101 2131 hic
1140 2052 1351 2170 (ornatus)
1389 2078 1453 2145 est

156 2279 210 2336 cx
239 2249 313 2376 illo
343 2249 558 2364 (scypho).
588 2249 707 2332 Tum
736 2245 790 2330 ad
809 2265 968 2332 terram
999 2249 1062 2333 illi
1093 2280 1139 2334 se
1166 2259 1452 2365 prosternenti

159 2451 290 2540 dixit:
328 2452 439 2544 bene
469 2469 553 2562 est3
581 2447 700 2536 Deus
729 2465 770 2535 te
797 2445 1025 2538 meliorem
1053 2451 1222 2576 reddat!

765 2854 840 2943 IV.

245 3143 420 3241 Caesar,
448 3164 527 3224 rex
556 3133 707 3252 Syriae
738 3154 779 3222 et
803 3077 975 3252 imperii
1003 3083 1457 3256 Ilomani-Oriontalis,¹

144 3347 360 3438 mittebat
389 3341 610 3457 quondam
637 3343 828 3458 legatum
858 3339 914 3426 ad
948 3371 1096 3456 regern
1135 3347 1321 3453 Persiae,
1352 3353 1459 3438 Cos-

69 3583 72 3592 ’
162 3579 282 3638 roem
313 3543 684 3650 Nuschirvanem,
722 3546 796 3658 qui
832 3543 1162 3636 celeberrimum
1193 3545 1302 3637 illud
1336 3551 1458 3666 pala·

163 3755 274 3841 tium
311 3695 561 3836 aedificavit
627 3705 828 3863 Legatos.
861 3769 1095 3866 postquam
1136 3751 1377 3840 advenisset
1418 3771 1460 3844 et

165 3955 524 4074 magnificentiam
555 3951 701 4068 palatii
729 3954 924 4070 regiique
954 3983 1178 4042 consessus
1198 3973 1324 4069 atque
1341 3957 1463 4071 prin-

168 4163 315 4278 cipum
355 4159 446 4272 regi
482 4157 759 4250 servientium
788 4143 1096 4271 conspexisset,
1124 4157 1314 4274 singulas
1343 4163 1465 4275 pala-

1719 4045 1720 4138 l

167 4367 219 4456 tii
247 4385 388 4484 partes
417 4366 613 4452 attentius
629 4360 912 4479 perlustravit.
967 4357 1056 4448 Vbi
1083 4345 1221 4476 quum
1247 4363 1467 4480 quandam

1114 4517 1214 4586 Ddd
1238 4537 1258 4585 a
1718 4573 1720 4643 l

1718 4747 1719 4800 l
