3448 5156
647 458 891 510 Arensnrx.
1311 431 1312 434 ¹
1353 455 1413 514 tor

113 631 176 718 illi
196 629 382 738 iniunxi,
411 659 465 715 ne
484 645 706 714 emturum
726 627 882 714 celaret
898 631 944 716 in
960 627 1032 716 illa
1045 607 1256 736 fissuram,
1282 663 1417 750 qnam

113 817 153 900 ei
184 813 362 904 ostendi.
418 813 505 902 Sub
547 833 793 903 extremum
830 813 916 901 diei
955 818 1096 903 attulit
1135 817 1244 904 mihi
1272 815 1416 936 ¹pecu·

111 1002 254 1103 niam,
291 1029 422 1114 quam
459 1029 540 1114 pro
586 999 759 1088 vendita
803 1001 1035 1117 peregrino
1081 1004 1256 1092 cuidam
1294 1026 1416 1122 veste

111 1207 347 1302 acceperat.
407 1187 559 1310 Quum
594 1207 742 1275 autem
779 1217 880 1274 eum
921 1189 1256 1304 interrogarem,
1305 1219 1415 1280 num

110 1371 365 1460 ostendisset
391 1372 514 1485 prius
552 1376 708 1460 emtori
745 1375 976 1461 scissuram
1015 1377 1061 1460 in
1098 1375 1243 1462 veste?
1283 1403 1328 1459 sc
1358 1375 1413 1462 td

62 1611 65 1614 -
111 1557 292 1643 oblitum
325 1587 414 1644 esse
448 1555 566 1642 dixit.
626 1560 824 1670 Minimo,
854 1562 1050 1675 inquam,
1081 1523 1201 1646 Deus
1232 1559 1412 1643 tibiho-

110 1745 158 1829 ni
189 1741 296 1856 quid
316 1739 551 1856 rependat!
581 1769 730 1828 eamus
756 1745 812 1832 ad
840 1747 973 1832 istum
992 1747 1148 1832 virum.
1181 1743 1411 1831 Adlocum

109 1957 237 2033 vere,
275 1955 362 2040 quo
387 1909 693 2016 'commoratus
734 1929 807 2016 ille
850 1929 990 2015 fuerat
1025 1927 1101 2013 ubi
1139 1928 1409 2038 devenimus,
1564 1959 1570 1982 ⁸

110 2143 212 2210 eum
248 2142 336 2200 non
374 2113 637 2219 invenimus,
684 2113 1085 2228 comperimusque,
1143 2115 1266 2200 illum
1307 2146 1408 2203 cum

109 2299 284 2388 cohorte
321 2297 520 2410 Mecoam
564 2299 927 2416 proficiscentium
974 2299 1140 2386 abiisse.
1207 2299 1430 2385 Conduxi,

109 2473 263 2600 igitur,
292 2503 466 2598 accepta
492 2485 613 2600 prius
643 2512 667 2568 a
695 2501 926 2599 proxeneta
962 2483 1251 2599 descriptione
1278 2515 1408 2599 pere-

108 2621 242 2786 grini,
270 2671 535 2776 iumentum,
574 2689 615 2754 et
642 2686 894 2782 assequutus
930 2670 1296 2786 peregrinantium
1337 2699 1408 2756 ca·
1448 2651 1450 2666 ’

107 2875 297 2961 terram,
325 2873 494 2970 reperto
523 2855 569 2938 in
599 2883 649 2938 ea
672 2855 775 2936 viro
797 2853 901 2958 istc,
937 2853 977 2934 ei
1006 2851 1225 2938 dicebam:
1262 2855 1404 2940 emisti

108 3039 204 3126 heri
232 3059 397 3127 vestem
425 3067 451 3124 a
480 3022 539 3146 τῷ
565 3033 702 3138 δεῖνα,
720 3033 803 3121 hoo
822 3033 963 3151 (quod
979 3036 1019 3120 ei
1041 3035 1246 3148 indicavi)
1264 3037 1402 3150 pretio

103 3255 186 3342 pro
217 3255 276 3311 ea·
300 3223 461 3332 solut03
499 3221 572 3308 sed
602 3221 761 3308 vitium
798 3221 873 3305 illa
908 3221 1054 3329 habet,
1103 3219 1236 3306 redde
1273 3222 1405 3335 igitur

105 3412 216 3498 mihi
238 3410 356 3496 illam
372 3425 414 3492 et
442 3407 583 3520 recipe
602 3425 720 3492 tuam
736 3407 977 3519 pecuniam.
1036 3374 1403 3492 Tumattulitille
1444 3457 1447 3462 ι

103 3615 288 3702 vestem,
319 3621 458 3715 eaque
485 3590 587 3678 hinc
613 3591 731 3676 illinc
758 3617 882 3676 versa
907 3616 1042 3704 quum
1069 3592 1296 3678 scissuram
1324 3592 1403 3677 de-

103 3782 301 3885 texisset,
335 3775 469 3862 reddc
503 3773 633 3880 mihi,
684 3773 847 3888 inquit,
876 3751 1021 3862 ‘illam
1064 3781 1224 3894 ipsam,
1271 3805 1404 3890 quem

104 3966 236 4075 solvi,
265 3953 408 4052 meam
431 3935 672 4077 pecuniam,
703 3987 835 4076 quam
863 3989 1104 4077 agnoscam.
1162 3965 1253 4088 Ego
1281 3993 1402 4069 vero,

103 4156 168 4240 uti
192 4152 309 4271 illam
329 4179 353 4236 a
369 4167 604 4265 proxeneta
623 4149 789 4262 accepi,
805 4133 893 4236 non
910 4153 1088 4236 seorsim
1106 4179 1402 4266 seposueram,

101 4367 184 4425 nec
211 4365 237 4422 a
262 4335 451 4450 reliqua,
482 4333 721 4450 quaemihi
739 4353 851 4440 erat,
888 4363 1172 4450 segregarem.
1238 4337 1403 4422 Protuli
1448 4317 1452 4328 ’

1110 4491 1193 4556 Eee
1257 4515 1261 4520 ·
