3448 5156
673 391 920 459 ωηιξη.
1381 381 1445 472 397

127 549 287 666 palatii
317 565 484 662 partem
513 548 780 632 incurvatam
810 543 1197 651 animadverteret,
1224 549 1442 638 rationem
1475 545 1479 550 ¹

136 752 194 804 ex
214 729 448 830 interprete
477 716 727 820 sciscitatus,
756 743 1015 826 responsum
1040 717 1159 822 tulit,
1187 715 1299 802 hanc
1334 747 1441 809 anus
1515 736 1517 740 '

135 885 361 974 cuiusdam
392 883 577 970 domum
606 913 711 990 esse,
740 911 873 997 quam
904 885 979 972 illa
1005 915 1090 1000 quc
1109 907 1305 1002 tempore
1321 887 1444 1001 pala-

130 1059 245 1143 tium
282 1072 547 1140 exstructum
588 1070 723 1155 esset,
770 1052 962 1138 vendere
1010 1075 1251 1162 recusaret,
1297 1085 1440 1170 neque

129 1225 345 1342 placuisse
373 1223 465 1336 regi
496 1240 544 1308 ut
573 1220 648 1306 illa
675 1249 799 1304 suam
829 1219 1011 1310 domum
1041 1195 1234 1312 vendere
1263 1249 1473 1340 cogeres
1521 1305 1524 1322 ,

130 1415 228 1504 tur3
257 1391 358 1476 inde
385 1391 504 1476 illam
533 1417 664 1504 quam
692 1388 1057 1482 animadverteret
1086 1394 1273 1506 legatus,
1309 1413 1351 1478 et
1383 1393 1438 1482 da
1556 1350 1560 1359 Ι

130 1593 218 1679 qua
246 1561 485 1647 sciscitatus
522 1575 656 1664 esset,
692 1559 953 1646 curvitatem
983 1578 1122 1646 ortam
1152 1553 1259 1646 esse.
1302 1563 1435 1670 Quod

130 1762 269 1850 quum
289 1729 478 1815 audisset
503 1728 743 1828 Romanus,
773 1757 854 1842 per
880 1729 1120 1834 veritatem,
1148 1729 1303 1844 inquit,
1330 1733 1435 1817 reli·
1540 1779 1541 1784 Ν

129 1901 271 2020 gionis
296 1897 410 1985 aius!
446 1895 554 1985 haec
587 1898 781 1985 curvitas
808 1894 1035 2012 pulchrior
1062 1915 1128 1982 est
1154 1895 1431 1986 rectitudine!
1475 1887 1478 1892 ¹

126 2073 212 2158 Per
228 2069 466 2170 veritatem,
485 2061 664 2172 addidit,
683 2067 902 2180 religionis
922 2033 1026 2172 eius,
1054 2065 1175 2180 quod
1192 2069 1342 2154 unicus
1352 2067 1431 2154 hic
1521 2149 1524 2160 ‚
1559 2093 1562 2098 ’

127 2241 222 2327 aevi
242 2237 310 2324 sui
330 2265 409 2320 rex
432 2231 543 2339 lecit,
561 2263 649 2318 non
667 2255 1040 2359 commemoratur,
1063 2236 1109 2318 in
1130 2235 1353 2320 annalibus
1375 2233 1430 2320 de

124 2439 225 2525 rege
256 2405 404 2518 aliquo
434 2405 709 2516 superiorum
739 2423 1012 2522 temporum,
1047 2433 1192 2516 neque
1235 2431 1430 2488 comme«

127 2573 375 2678 morabitur
402 2571 456 2658 de
485 2601 586 2687 rege
616 2571 763 2686 aliquo
790 2575 923 2660 futuri
939 2575 1159 2689 temporis,
1216 2567 1348 2678 Quod
1372 2569 1430 2655 le·

123 2745 211 2858 gati
251 2742 428 2828 dictum*
454 2740 608 2826 Ccsroi
642 2741 752 2826 mire
788 2741 971 2854 placuit,
1029 2743 1296 2858 dimisitque
1320 2738 1425 2826 euni

80 2977 83 2982 -
123 2912 252 3003 donis
281 2928 483 2998 ornatum
509 2906 672 2997 laetum
700 2908 989 3026 hilaremque.

622 3199 801 3350 ,v-

204 3481 560 3588 Abu-Delama,
598 3499 748 3597 poeta,
794 3509 930 3599 quum
969 3481 1160 3597 quodam
1197 3483 1268 3572 die
1305 3477 1422 3598 apud

121 3655 431 3746 as-Saffahum
467 3651 727 3766 (Chalisam)
771 3651 960 3758 adesset,
998 3653 1182 3740 dixit'ei
1231 3649 1420 3738 Chalila:

117 3857 224 3940 roga
252 3857 320 3910 me
350 3821 468 3939 quod
500 3821 576 3907 tibi
604 3850 749 3940 opus..
781 3821 965 3938 Rogavit
992 3823 1318 3914 llbu-Dolama
1348 3847 1420 3904 ca—

117 4026 220 4082 nem
251 3995 510 4102 venaticum.
568 3991 713 4095 Quem
743 4018 881 4115 quum
909 3990 949 4076 ei
976 3991 1070 4079 dari
1093 3994 1289 4079 iussisset
1302 3981 1420 4076 Cha-e

118 4161 216 4269 lita,
245 4161 339 4270 ille,
365 4161 441 4248 sed
468 4189 605 4267 nunc,
634 4147 792 4275 inquit,
822 4178 864 4247 et
894 4161 1134 4286 iumentum
1164 4161 1277 4248 mihi
1301 4177 1416 4272 opto,

120 4315 208 4448 uuo
237 4349 384 4424 vectus
412 4333 564 4424 vanari
593 4330 768 4450 possim.
798 4333 1055 4449 Es'accepto
1072 4363 1258 4451 puerum
1280 4325 1416 4448 petiit,
