3460 5150
93 433 111 484 t

33 4179 38 4189 .
142 4063 216 4200 J?
237 4091 320 4158 Hha
338 4090 429 4156 Mim
449 4099 483 4156 et
502 4049 600 4155 Lam.

481 473 539 520 DE
571 471 759 522 rtovms
791 474 1086 527 nt'rnttanvrt.

135 627 185 694 ita
207 636 290 692 sunt
310 619 516 715 propositae,
538 636 579 690 ut
599 623 714 716 prima
734 625 894 694 columna
914 647 989 714 eas²
1007 647 1093 714 quac
1114 627 1213 694 initio
1235 627 1436 716 dictionum,

138 751 231 820 etin
253 752 365 818 medio
389 763 464 840 post
485 774 546 818 sex
567 752 641 818 illas
663 751 861 840 illigabiles,
883 753 1048 830 secunda,
1070 756 1212 840 quaein
1234 755 1349 822 medio
1361 765 1437 845 post

135 878 304 968 ligabilcs,
325 878 474 966 reliquae
496 880 598 959 duae,
619 901 704 967 quae
726 879 763 944 in
784 879 862 968 fine,
884 879 979 969 prior
996 879 1133 966 quidem
1154 891 1230 968 post
1248 881 1435 968 illigantes,
1477 907 1480 915 ’

133 1004 303 1096 posterior
322 1027 403 1074 vero
422 1016 504 1094 past
524 1003 674 1090 ligabiles
697 1017 923 1094 usurpantur,
950 1005 1117 1072 exhibeat.
1161 1005 1350 1098 Separatim
1373 1029 1434 1074 ox-

134 1132 334 1222 primendae
355 1132 465 1219 figura
488 1130 582 1199 finali
604 1131 758 1217 illigabili
778 1131 981 1218 pinguntur.

225 1289 331 1398 Hiplr
368 1285 380 1365 i
407 1306 454 1386 τῷ
474 1284 625 1382 Lam]
649 1305 925 1394 subiungendum
943 1306 1111 1394 peculiare
1133 1306 1295 1394 quiddam
1318 1307 1435 1374 hebet:

135 1461 220 1508 nam
242 1453 301 1506 aut
321 1442 502 1532 separatim
531 1443 583 1509 illi
612 1441 797 1532 apponitur
824 1453 857 1507 et
877 1441 973 1530 quusi
994 1441 1112 1508 cadens
1141 1441 1348 1530 includitur,
1370 1439 1433 1507 sic:

136 1555 193 1668 ν,
219 1581 323 1670 idque
347 1593 423 1649 tum
444 1585 614 1671 maxime,
644 1563 774 1660 cuna.)
796 1583 1011 1672 praecedenti
1031 1581 1149 1648 literae
1162 1584 1358 1650 annectitur
1380 1584 1439 1670 (ut-

134 1695 223 1810 eliffi
252 1735 417 1792 anteum
445 1725 506 1792 illo
534 1725 572 1791 in
601 1747 714 1790 unum
743 1725 916 1812 coalescit,
949 1725 1014 1791 hoc
1036 1723 1154 1790 modo:
1185 1707 1224 1812 li,
1266 1747 1375 1813 quum
1402 1701 1434 1794 cl

136 1883 208 1928 non
231 1860 386 1928 cohaeret
407 1883 489 1932 cum
511 1857 739 1950 praecedente.
767 1858 853 1922 Istae
872 1858 988 1922 literae
1009 1857 1058 1922 sic
1072 1861 1273 1928 coniunctae
1293 1859 1434 1928 nomine

140 1990 328 2078 composito
349 1997 516 2054 vocantur
538 1977 764 2077 Lam-Elis,
787 2003 826 2047 ac
846 1981 875 2046 si
894 2003 964 2048 une
986 1995 1106 2048 essent.

220 2149 356 2214 Literna
380 2147 531 2232 ligabiles
560 2166 676 2230 saepe,
702 2141 901 2230 pracsertim
927 2141 964 2209 in
990 2143 1160 2210 codicibus
1188 2142 1437 2232 manuscriptis,

140 2273 182 2340 iia
204 2296 290 2361 quae
312 2274 517 2339 antecedunt
538 2282 598 2339 aut
620 2279 811 2357 sequuntur
830 2269 878 2334 ite
900 2281 1173 2364 connectuntur,
1198 2280 1238 2332 ut
1259 2289 1376 2333 earum
1400 2268 1439 2332 sr-

135 2421 244 2488 gurae
272 2422 413 2487 usupra
432 2400 550 2488 positis
572 2395 729 2464 nonnihil
751 2391 928 2480 differant,
959 2407 992 2459 et
1020 2418 1039 2460 a
1069 2391 1237 2459 tironibus
1268 2415 1364 2480 aegre
1386 2392 1438 2458 di·
1524 2485 1528 2495 .

137 2536 355 2614 gnoscantur.
397 2527 465 2594 Eos
487 2523 708 2592 connectendi
733 2520 867 2601 modos,
899 2520 959 2607 qui
980 2519 1071 2608 typis
1091 2519 1336 2612 repraesentari
1358 2543 1435 2609 poe·

136 2664 238 2738 sunt,
258 2675 400 2740 sequens
416 2621 544 2722 tabella
567 2651 718 2720 exhibet.
1249 2615 1259 2630 ⁹

130 2827 238 2917 ἐΒθ
258 2841 294 2896 et
314 2828 468 2897 Dschim.
819 2801 885 2916 ΕΜ
905 2823 986 2910 Sin,
1007 2825 1097 2894 Mim
1120 2839 1154 2892 et
1174 2826 1266 2892 lea.

136 2986 240 3077 ³·Be
260 3000 296 3054 et
315 2989 405 3054 Hha.
810 2979 873 3036 '2⁰
893 2979 976 3045 Ssad
998 2989 1031 3043 et
1055 2979 1144 3044 Hha.

137 3127 244 3233 {Te
265 3157 298 3212 et
319 3145 472 3212 Dschim.
818 3085 859 3194 k
884 3135 953 3200 Ttu
975 3145 1007 3201 et
1024 3136 1115 3202 lea.

137 3283 170 3364 J
191 3307 242 3370 'l'e
263 3317 296 3370 et
316 3303 418 3368 Mim.
820 3274 859 3352 ζ
892 3295 965 3361 Ain
987 3307 1021 3360 et
1041 3293 1193 3361 Dschim.

138 3459 187 3548 ᾇ·
208 3464 289 3530 Hha
313 3429 349 3526 et
369 3457 520 3526 Dschim.
778 3490 782 3504 .
820 3445 882 3504 S&-
901 3441 973 3506 Ain
1000 3433 1215 3526 praecedenti
1241 3433 1356 3498 literae
1384 3433 1442 3500 ad-

905 3556 1037 3600 nexum
1059 3543 1092 3595 ct
1111 3529 1204 3596 Hha.

138 3615 187 3680 3.-
211 3619 293 3684 Hha
315 3629 348 3682 et
368 3615 460 3683 Hha.
568 3627 572 3636 '

138 3773 187 3864 ιθ,
210 3775 353 3844 Dschim
378 3785 412 3838 et
432 3773 532 3840 Mim.

140 3931 185 3996 ι’
206 3936 288 4000 Hha
309 3945 343 4000 et
365 3931 429 3998 He.

827 3691 861 3796 ξ
884 3675 956 3742 Ain
979 3685 1012 3776 et
1033 3672 1113 3736 Hha
1135 3669 1244 3738 finale.

824 3821 875 3896 J
897 3833 969 3900 Ain
991 3841 1024 3896 et
1044 3828 1146 3894 Mim.

743 4019 746 4026 ·
822 3996 886 4078 'f'
912 3991 1000 4076 Ain,
1021 3986 1111 4054 Mim
1133 3997 1168 4052 ot
1188 3985 1249 4052 Ro.

698 4165 714 4200 v
823 4117 1091 4221 suamc

144 4233 192 4316 ei
213 4249 298 4317 ΒΜ
318 4259 352 4314 et
372 4248 440 4320 H&
826 4309 945 4403 :ej-&Fe
975 4300 1189 4396 praecedenti
1209 4299 1325 4366 literae
1348 4299 1447 4364 adne-
1496 4288 1499 4294 ’

145 4433 190 4516 0
210 4407 263 4474 Re
285 4419 320 4474 et
340 4407 406 4472 He.
459 4429 462 4435 ·
912 4429 1000 4478 xum
1022 4417 1056 4469 et
1076 4402 1226 4468 Dschirn
