3448 5156
674 413 923 474 arrsunrx:
1384 414 1449 484 403
1521 420 1531 433 ·
1578 489 1582 500 ⁵

132 577 279 691 'igitur
302 603 503 682 omnem,
521 561 668 690 'quam
693 603 866 660 mecum
894 573 1031 664 habui
1057 577 1304 690 pecuniam,
1335 580 1448 666 inter
1486 603 1488 608 ·

143 791 279 876 quam
306 789 442 874 quum
467 787 576 873 quos
612 760 721 844 mihi
738 759 926 848 dedisset
951 789 1107 876 numos
1145 747 1445 878 se'agnovisse

143 947 325 1051 diceret,
353 977 426 1032 eos
452 975 521 1032 nte
551 973 772 1062 segregare
805 947 940 1032 iussit.
999 945 1113 1030 Cum
1144 975 1247 1032 vero
1275 977 1347 1035 eos
1375 951 1445 1037 in-

144 1136 370 1250 spicerem,
429 1131 555 1217 lalsos
582 1151 624 1216 et
652 1132 913 1218 adulterinos
940 1130 1240 1244 deprehendi,
1283 1135 1442 1228 nullius

143 1319 271 1436 plane
299 1321 437 1432 pretii,
467 1348 577 1432 quos
593 1317 665 1402 ille
686 1316 739 1402 ad
766 1347 811 1400 se
830 1335 1025 1430 receptos
1042 1318 1211 1416 abiecit,
1241 1321 1440 1439 mihique

143 1503 271 1589 dixit:
302 1503 401 1590 licet
431 1507 557 1590 vestis
582 1499 654 1586 illa
680 1479 834 1586 vitium
859 1501 1034 1608 habeat3
1072 1520 1213 1586 tamen
1240 1535 1336 1591 earn
1359 1539 1440 1624 pro

144 1720 218 1798 eo,
249 1689 370 1802 quod
394 1689 534 1804 poscis
558 1688 720 1802 pretio,
757 1715 922 1807 emam3
957 1687 1189 1800 statimque
1224 1691 1331 1778 mihi
1355 1723 1443 1809 pro·

142 1875 392 1962 adulterinis
419 1855 511 1959 istis
539 1873 683 1959 narnis
722 1868 1035 1998 adnumeravit
1049 1873 1186 1958 honos
1214 1875 1447 1990 probatossj

144 2091 253 2178 que,
282 2062 541 2178 quibuscum
566 2057 747 2143 domum
776 2051 920 2140 redii.-

742 2423 842 2513 VII.

226 2631 458 2728 Narratur,
515 2613 794 2707 concionante
831 2619 1065 2736 aliquando
1104 2623 1238 2712 Cufae
1275 2627 1442 2716 Abdol-

141 2813 323 2920 Melic0,
353 2810 552 2898 Mervani
581 2805 672 2890 filio
703 2805 931 2919 (Chalifa),
971 2809 1128 2896 adiisse
1159 2843 1257 2898 eum
1296 2815 1443 2904 virum

143 3017 318 3119 egente
356 2989 712 3113 Samanidarum,
758 3011 800 3078 et
835 2993 903 3080 his
940 2997 1087 3084 verbis
1124 2988 1439 3110 interpellasse:

139 3173 275 3288 lentess
316 3213 342 3266 o
370 3179 571 3298 princeps
607 3175 821 3264 fidelium!
871 3179 1004 3265 redde
1044 3185 1166 3295 prius
1203 3183 1303 3267 huic
1340 3213 1439 3270 meo

141 3321 257 3460 socio
286 3369 354 3453 ius
384 3393 539 3465 suum,
567 3381 659 3449 tum
690 3362 959 3454 concionanso
1016 3367 1197 3481 Roganti
1236 3365 1443 3476 Chalifae,¹

143 3557 246 3674 quid
285 3560 339 3640 sit
374 3551 469 3697 rei?
507 3547 578 3635 ille
616 3547 858 3662 rospondit:
898 3547 1058 3633 dictum
1088 3569 1187 3710 erat!
1214 3547 1318 3635 huic
1345 3583 1442 3640 meo

142 3744 283 3847 soein,
313 3740 559 3840 neminem,
588 3753 761 3846 praeter
792 3764 881 3840 me,
940 3733 1063 3820 illum
1102 3763 1173 3842 ea,
1233 3769 1345 3850 quae
1384 3743 1439 3830 ab

140 3919 254 4037 Adol
298 3925 457 4010 Melioo
488 3919 571 4034 ipsi
598 3917 710 4003 illata
742 3929 874 4020 esset,
903 3921 1080 4023 iniuria,
1119 3915 1259 4006 levare
1288 3955 1439 4038 posse;
1483 4035 1485 4040 Ι

32 4119 43 4135 “
140 4113 295 4202 adveni
324 4109 452 4226 igitur
483 4119 585 4190 cum
615 4133 681 4204 eo,
711 4121 759 4188 ut
786 4103 971 4208 videam,
1000 4132 1119 4208 num,
1149 4135 1283 4218 quam
1311 4111 1439 4198 nobis

140 4299 424 4421 promiseras,
462 4309 701 4405 antequam
736 4287 849 4376 hanc
889 4285 1166 4402 tyrannidem
1203 4322 1440 4408 exerceres,
1486 4331 1488 4336 ¹

1086 4457 1231 4528 .Eeea
