3460 5150
272 439 334 492 Π.
780 393 1053 486 ΡΜὲΗῊθ.

273 617 431 719 palmam
454 612 671 688 successuris
697 638 812 714 acque
838 639 880 688 ac
907 617 1113 714 antegressis
1137 615 1324 715 surripuit.
1374 611 1455 689 Etsi
1489 641 1578 696 vero

276 825 370 879 tanta
387 804 463 877 lans
481 823 516 875 et
532 799 743 902 praestantia
763 820 818 874 est
832 801 953 900 operis
969 799 1079 874 buius
1094 799 1139 873 de
1156 797 1320 904 Sacyaui‚
1345 823 1386 876 ut
1405 803 1472 904 qui
1496 823 1582 903 post

277 987 373 1063 illud
398 985 717 1062 Grammaticorum
731 984 968 1060 Arabicarum
988 1013 1180 1062 numerum
1200 1013 1292 1064 nova
1312 1013 1442 1087 angere
1456 989 1595 1088 vcllct‚.

280 1201 426 1276 operam
442 1175 740 1273 supervacaneam
754 1171 936 1271 suscipere
948 1169 1065 1249 videri
1081 1193 1222 1273 posset,
1236 1195 1309 1248 erat
1325 1196 1458 1270 tamen,
1475 1171 1592 1274 quod*

281 1387 339 1434 me
361 1379 545 1446 mereret,
564 1377 624 1452 ut,
647 1379 790 1456 rogatus
805 1356 1050 1456 abibli'opol'a
1069 1359 1229 1432 iteratam
1250 1328 1484 1434 Elementalis
1511 1361 1593 1432 mei'

286 1543 430 1618 Arabici
451 1543 668 1639 editionem,
704 1544 779 1626 eius
803 1545 889 1618 loco
912 1569 1049 1622 novum
1070 1543 1206 1618 librum
1235 1547 1378 1645 linguae
1407 1545 1585 1622 Arabicae

284 1750 475 1828 praecepta
495 1727 695 1803 tradentem
715 1729 975 1807 elucubrarem.
1027 1728 1121 1805 Nam
1147 1752 1359 1827 uttaoeam,
1394 1731 1584 1806 Gramma·

284 1867 405 1986 ticam·
420 1913 464 1988 d'e
483 1913 678 2018 Sacyanam
694 1917 819 2014 paucis
843 1935 980 2002 tantum
998 1937 1203 1992 nostrorum
1227 1917 1416 2013 iuvenum,
1451 1919 1519 2018 qui
1546 1919 1585 1992 iu

284 2097 475 2172 academiis
505 2099 618 2170 literis
640 2095 807 2171 Arabicis
832 2123 980 2198 operam
1003 2098 1238 2198 impendunt,
1265 2125 1339 2172 esse
1363 2103 1585 2200 parabilem3

285 2311 326 2360 ea
345 2307 494 2386 quoque
507 2283 606 2356 ssli'us
622 2283 743 2383 operis
770 2304 822 2356 est
846 2284 957 2378 ratio,
990 2303 1031 2356 ut
1050 2309 1124 2358 non
1154 2281 1245 2360 adeo
1263 2287 1440 2360 exercitiis
1458 2285 1587 2362 acade-

196 2543 205 2552 ,
287 2471 410 2566 micis,
436 2471 569 2572 quibus
590 2469 736 2544 iuvenes
758 2469 928 2544 tirocinio
955 2467 1143 2542 imbuendi
1164 2489 1264 2565 suut,
1299 2499 1408 2574 quam
1432 2437 1588 2572 quidem

202 2675 207 2680 ·
288 2653 497 2734 adlevandis
528 2677 563 2728 et
586 2648 843 2754 promovendis
868 2649 1110 2730 eruditiorum
1132 2653 1287 2752 studiis,s
1311 2657 1586 2732 accommodata

215 2821 220 2830 ⁴
288 2840 468 2920 videatne·
517 2839 833 2948 Vsibus'eorum,
877 2840 941 2939 qui
969 2843 1085 2938 prima
1106 2842 1250 2940 linguae
1285 2839 1461 2916 Arabicae
1487 2841 1588 2916 rudi·

288 3043 408 3104 menta
422 3051 560 3126 ponere
580 3025 750 3122 eupiunt,
777 3053 892 3125 quum
908 3051 946 3098 se
968 3049 1052 3126 prae
1074 3021 1152 3098 aliis
1170 3025 1219 3100 eb
1236 3053 1343 3146 ¹suana
1363 3030 1588 3104 concinnita·

290 3234 363 3288 tem
386 3233 422 3286 et
448 3209 655 3286 facilitatem
671 3209 905 3286 commendet
921 3211 1161 3284 Grammatica
1182 3212 1414 3310 Erpeniana3
1434 3216 1589 3292 eandem

288 3425 359 3498 ego
381 3421 551 3500 tanquam
570 3397 843 3488 fundamentum
864 3395 1018 3468 retinere
1034 3393 1202 3468 constitui
1211 3445 1233 3490 ,.
1250 3395 1310 3468 cui
1328 3397 1471 3495 plenius
1486 3425 1589 3498 prae·

292 3545 484 3686 ceptorum
507 3585 768 3684 illiuslinguae
792 3603 943 3684 systema
966 3602 1265 3680 superstruerem,
1297 3583 1400 3684 quod
1420 3586 1513 3659 inter
1534 3586 1590 3660 ni·

292 3773 401 3848 miam
419 3769 520 3848 haud
550 3795 630 3846 raro
657 3769 756 3842 illius
783 3765 1044 3845 Grammaticae
1071 3767 1304 3856 brevitatem,
1325 3771 1590 3870 etampliorem

290 3959 396 4044 illum
419 3979 527 4062 atquc
551 3955 773 4062 diffusiorem
794 3956 1099 4031 commentarium
1124 3955 1170 4030 de
1199 3955 1401 4057 Sacpanum
1433 3955 1591 4070 mediam

294 4141 474 4244 quandam
501 4142 595 4219 viam
618 4162 765 4248 teneret.
828 4139 943 4230 Quod
966 4169 1081 4244 quum
1104 4139 1179 4220 boc
1207 4142 1388 4242 opusculo
1414 4164 1589 4242 praestare

292 4351 438 4402 conatus
461 4328 610 4424 luerim3
640 4317 735 4400 hanc
758 4325 849 4402 mibi
883 4325 1115 4425 praecipuam
1146 4327 1262 4422 legem
1288 4324 1520 4424 praescripsi,
1549 4345 1590 4402 ut
