3448 5156
672 391 927 450 arrarum.
1394 392 1456 456 405

148 573 378 697 iustitiam,
435 600 539 658 vere
574 591 788 689 praestare
827 569 951 700 velis.
1029 571 1176 685 Longa
1201 589 1307 655 tum
1345 573 1457 658 inter
1515 600 1521 616 ⁸

150 764 394 858 utrumque
424 763 518 828 orta
548 739 786 842 altercatio,
817 741 926 824 inter
957 769 1089 854 quam
1116 740 1183 824 vir
1219 742 1300 825 iste
1339 741 1455 826 Cha-

150 913 252 998 lilae
281 911 389 999 haec
417 911 546 997 dixit:
575 941 653 998 vos
681 907 862 1024 quidem
891 911 1126 1025 imperatis,
1143 937 1287 1022 neque
1310 926 1453 996 tamen
1581 914 1597 928 ⁰

152 1083 277 1166 iussis
318 1076 622 1196 obtemperatis
666 1080 771 1192 ipsi3
817 1080 988 1185 vetatis,
1036 1079 1184 1180 vetitis,
1213 1079 1316 1164 vero
1361 1109 1451 1166 non

153 1225 397 1357 abstinetis3
425 1249 589 1336 monita
618 1247 712 1332 aliis
740 1239 979 1362 praebetis,
1014 1245 1189 1337 monitis
1227 1275 1331 1332 vero
1369 1249 1453 1360 ipsi
1508 1227 1513 1239 ’

151 1447 241 1502 non
270 1419 445 1529 paretis.
503 1421 594 1506 Nos
620 1418 753 1528 igitur
778 1445 885 1502 num
917 1436 1100 1523 vestros,
1142 1417 1221 1529 qni
1258 1411 1453 1503 indolem

150 1602 338 1672 vestram
375 1555 588 1699 produnt,
623 1613 767 1670 mores
797 1545 1049 1700 imitemur?
1086 1613 1141 1670 an
1176 1610 1305 1688 vero,
1341 1603 1451 1696 quae

152 1781 227 1838 ore
257 1753 650 1870 restro'profertis,
667 1751 814 1839 ¹iussis
852 1753 1113 1868 obsequium
1152 1750 1450 1866 praestemus?

151 1919 196 2005 Si
234 1919 404 2005 dicatis:
448 1908 753 2036 obtemperetis
786 1923 913 2008 iussis
950 1923 1128 2025 nostris,
1165 1937 1207 2004 et
1243 1919 1449 2005 admittite

150 2097 315 2177 monita
341 2107 508 2200 nostra3
537 2091 843 2204 (reponimusz)
870 2089 1090 2205 quomodo
1121 2088 1214 2174 aliis
1250 2087 1450 2173 salutaria

151 2263 316 2348 monita
345 2257 569 2376 praebeat,
599 2260 673 2372 qui
699 2239 867 2372 seipse
898 2257 1088 2372 decipit?
1127 2255 1298 2362 Quodsi
1327 2257 1448 2373 dica-

151 2431 228 2516 tis:
259 2429 508 2543 sapientiam
540 2427 741 2542 accipite,
771 2426 1024 2541 ubicunque
1054 2457 1149 2512 eam
1184 2427 1446 2531 inveneritis,
1495 2409 1498 2418 ¹

153 2620 196 2685 et
224 2599 407 2685 salutare
428 2592 657 2682 ‘monitum
697 2594 929 2700 admittite,
984 2623 1301 2708 aquocunque
1338 2594 1447 2679 illud

150 2767 332 2854 audiatis
342 2797 356 2874 ;
395 2765 727 2877 (interrogamus
742 2761 773 2876 ε)
798 2761 853 2892 ad
883 2760 989 2874 quid
1027 2791 1103 2848 vos
1130 2762 1261 2846 rebus
1289 2763 1445 2846 nostris
1565 2817 1568 2831 ·

150 2931 353 3048 regundis
380 2931 684 3055 praefecimus,
718 2913 1055 3046 potestatemque
1082 2909 1207 3017 vobis
1233 2931 1280 3016 in
1308 2930 1444 3017 vitam

105 3087 110 3092 ⁵
151 3122 194 3190 et
223 3103 269 3186 in
305 3129 409 3214 opes
438 3117 605 3188 nostras
634 3097 953 3184 concessimus?
991 3118 1064 3185 aut
1100 3099 1324 3212 ignoratis,
1352 3127 1443 3182 csse
1487 3171 1492 3180 .

147 3233 263 3358 inter
293 3299 393 3375 nos,
422 3271 497 3382 qni
517 3267 638 3353 vobis
655 3265 828 3354 dicendi
847 3270 971 3384 copia
989 3285 1030 3351 et
1047 3267 1236 3353 consiliis
1253 3264 1446 3382 pruden-

149 3441 264 3527 tibus
290 3435 587 3552 impertiendis
613 3435 893 3522 antecellant?
932 3435 1103 3540 Quodsi
1127 3436 1284 3523 summi
1316 3435 1444 3522 rebus

146 3609 287 3694 sacris
320 3620 363 3693 et
386 3605 583 3692 civilibus
614 3570 817 3720 praelecti
844 3605 1026 3720 dignitas
1056 3625 1184 3722 atque
1217 3606 1445 3692 auctoritas

151 3781 206 3862 sit
236 3783 341 3892 (qua
361 3775 656 3890 gloriamini),
684 3776 857 3884 scitote,
884 3805 963 3863 ros
983 3777 1094 3880 iuri,
1124 3791 1170 3858 ut
1187 3771 1290 3860 tales
1317 3801 1444 3887 prac-

149 3947 281 4033 fectos
306 3943 448 4050 decet,
486 3943 824 4028 administrando
854 3942 982 4056 plane
1011 3945 1199 4055 impares
1232 3974 1346 4068 esse,
1382 3962 1446 4031 at·
1484 3929 1508 3938 '⁵

151 4143 238 4228 que
272 4113 387 4196 illius
418 4099 612 4198 muneris
637 4107 915 4225 splendorem
940 4130 980 4196 et
1011 4111 1259 4228 dignitatem
1294 4113 1444 4199 immi-

149 4281 316 4386 nuisse,
343 4277 622 4396 vinculaque,
653 4308 764 4394 quae
784 4281 971 4397 populus
997 4284 1236 4397 occupavit,
1266 4281 1443 4368 solvisse
