3448 5156
693 447 931 498 Arrnunrx
1397 447 1456 529 5„

155 735 420 844 Ahhnafus,
436 737 556 824 Kaisi
573 735 646 842 fit,
667 604 1229 842 aliddiiiiiiansuetudinem
1248 739 1337 826 eius
1362 741 1459 832 iau·

2 1017 10 1026 ·
155 912 288 1013 danti,
314 907 559 1021 respondit:
589 936 669 1021 per
688 907 851 991 Deum!
882 907 1063 993 minime
1081 937 1177 994 sum
1196 932 1459 1024 mansuetus,

158 1078 340 1166 sedulis
362 1076 538 1186 videor,
566 1105 670 1159 nam
686 1103 786 1160 cum
814 1075 976 1162 dictum
993 1075 1169 1189 aliquod
1188 1078 1315 1163 audio
1325 1145 1338 1186 ‚
1356 1111 1459 1195 pro-

158 1269 255 1364 pter
281 1243 401 1360 quod
426 1274 504 1358 per
530 1245 724 1330 triduum
746 1274 1001 1364 succenseo,
1031 1273 1085 1327 nc
1114 1245 1219 1357 quid
1246 1275 1458 1361 regerem,

160 1418 222 1503 nil
238 1416 321 1502 nisi
343 1431 480 1498 motus
496 1442 568 1497 me
583 1399 803 1526 prohibet,
833 1445 889 1499 nc
906 1415 1028 1528 peius
1054 1411 1163 1525 quid
1183 1413 1372 1505 audiam.

698 1621 911 1712 XXXVI
995 1701 997 1710 ,

159 1783 448 1893 Interrogatus
481 1777 681 1892 quidam:
721 1761 896 1890 quando
925 1775 1127 1862 laudatur
1155 1781 1461 1902 mendacium?

162 1949 403 2066 respondit:
435 1976 536 2033 cum
565 1947 701 2060 iungit
729 1945 806 2058 qui
835 1943 1006 2029 alienati
1030 1943 1212 2036 fuerant.
1272 1954 1460 2057 Quand0

162 2123 432 2235 vituperatur
458 2113 645 2202 veritas?
676 2117 793 2204 Cum¹
817 2112 871 2197 de
901 2113 1076 2198 absente
1105 2117 1251 2204 minus
1280 2119 1463 2214 laudan-

164 2293 219 2379 da
247 2286 402 2406 prodit
461 2283 719 2398 Ecquando
748 2281 968 2368 silentium
997 2303 1184 2395 praestat
1212 2286 1462 2402 loquendo?

164 2463 217 2552 ln
245 2456 531 2546 altercatione.

697 2497 936 2652 mcxvnss

164 2733 340 2822 Dictum
368 2725 538 2850 Amori,
566 2717 850 2808 Abdol-Caisi
879 2721 958 2805 fit:
990 2749 1132 2808 sermo
1152 2725 1267 2838 quie
1282 2753 1478 2844 pectore·

165 2901 333 3016 prodit,
362 2915 509 3010 pectus
538 2887 799 3004 ingreditur3
829 2887 904 2972 sed
932 2889 1006 3000 qui
1036 2921 1059 2974 e
1088 2891 1234 3006 lingua
1256 2895 1459 3020 (tantum)

165 3067 323 3183 prodit,
353 3093 441 3150 non
470 3060 638 3148 excedit
662 3085 786 3142 aures
817 3057 864 3174 (i.
894 3088 931 3140 c.
961 3059 1136 3144 auribus
1167 3065 1347 3177 quidem
1360 3103 1464 3186 per..

171 3237 348 3349 cipitur,
378 3231 528 3317 sedin
554 3201 749 3322 animum
779 3255 866 3311 non
895 3232 1118 3341 penetrat).
1233 3325 1237 3332 ,

691 3395 944 3484 XXXVIII.

166 3561 347 3675 Sapiens
365 3555 559 3670 quidam,
591 3553 872 3665 interrogatus
902 3551 956 3634 ab
986 3551 1070 3637 alio
1087 3557 1318 3671 (sapiente)
1352 3591 1463 3677 quo.

170 3727 301 3815 modo
323 3756 368 3810 sc
390 3723 595 3808 haberet?
624 3721 798 3836 optime,
826 3721 1068 3836 rospondit,
1105 3688 1321 3839 siquidem
1347 3737 1467 3824 Deus

171 3897 226 3986 T.
252 3896 305 3982 0.
325 3895 401 4007 M„
426 3893 526 3978 licet
552 3919 705 4004 parum
733 3892 773 3976 ei
801 3893 1175 4006 obtemperemus,
1210 3917 1352 3988 tamen
1380 3925 1469 3996 tam

174 4059 548 4195 inumerabiliafin
573 4089 653 4146 nos
680 4061 846 4148 confert
870 4021 1101 4190 beneficia,
1136 4085 1188 4152 ut
1213 4073 1470 4185 nesciamus,

174 4254 321 4321 utrum
347 4249 525 4348 propter
555 4231 689 4334 bona,
719 4260 831 4345 quae
861 4229 1086 4340 diffundit,
1116 4263 1169 4320 an
1200 4265 1323 4345 vero,
1352 4247 1471 4359 quod

174 4423 236 4492 tot
259 4401 373 4490 mala
391 4429 416 4487 a
431 4399 556 4488 nobis
575 4418 701 4506 arcet,
727 4399 824 4517 plus
849 4401 889 4488 ei
906 4403 1140 4516 gratiarum
1172 4412 1380 4519 agamus?

1140 4559 1265 4627 Bbbn
