3448 5156
675 407 913 459 arruunrx
1003 365 1007 374 ⁵
1385 397 1445 466 582

679 597 895 684 XXXIX.

139 769 284 874 Quam
302 795 458 883 parum
472 767 642 854 homini
671 767 815 870 sobrio
847 749 945 854 eum
976 766 1128 874 ebriis,
1157 783 1250 854 tam
1278 799 1438 884 perum

133 937 230 1022 viro
268 937 498 1052 praestanti
539 935 664 1023 decet
701 965 804 1025 cum
838 911 1017 1026 homine
1053 966 1249 1054 nequam
1287 939 1436 1027 consa·

131 1105 291 1192 bulari.

727 1345 827 1430 XL.

127 1516 308 1602 Dictum
335 1512 732 1603 EbnoI-Motaassi:
760 1511 960 1598 homines
990 1511 1202 1604 mundani
1231 1532 1330 1602 sunt
1358 1513 1430 1598 in-

128 1701 219 1768 star
244 1683 448 1787 illorum,
483 1685 561 1795 qui
590 1682 689 1769 navi
717 1679 946 1789 vehuntur,
975 1699 1016 1766 et
1044 1673 1314 1798 quiBuseum
1342 1681 1428 1768 iter

125 1849 357 1939 conficitur
383 1853 491 1940 dum
528 1851 769 1940 dormiunt.

711 2133 830 2218 XLI.

121 2303 300 2388 Dictum
329 2299 539 2406 Messiae,
566 2301 733 2386 Mariae
759 2299 859 2387 filii:
905 2303 1053 2390 curavi
1091 2329 1242 2388 coecos
1272 2319 1315 2388 et
1351 2301 1419 2390 Ie·

118 2502 287 2590 prasos,
306 2479 476 2586 eosque]
487 2471 633 2558 sanavi
641 2501 658 2582 5
686 2467 763 2556 sed
780 2469 1006 2558 medendis
1022 2471 1159 2560 stultis
1183 2471 1323 2588 impar
1340 2469 1419 2557 fui.
1444 2501 1446 2504 ·
1485 2459 1488 2466 ’

698 2749 839 2860 XLII.

71 3042 75 3052 1
118 2919 293 3006 Dictum
319 2917 776 3014 Ehn÷0l·Mocaffae:
814 2921 861 3006 iu
896 2883 1104 3036 litigando
1140 2951 1196 3010 ne
1228 2922 1318 3011 irae
1347 2923 1420 3010 in*

117 3043 312 3205 dulgas}
348 3117 454 3176 nam
490 3096 556 3174 ira
593 3087 744 3174 adimit
779 3089 859 3174 tibi
896 3043 1143 3206 argurnenta
1169 3121 1254 3207 pro
1279 3061 1412 3179 eausa

113 3263 215 3368 Iua,
242 3276 282 3345 et
310 3255 608 3346 adversarium
635 3275 680 3344 te
706 3263 980 3370 superiorem
1008 3259 1165 3347 reddit„
1310 3236 1314 3244 ¹

698 3535 860 3626 XLIII.
976 3608 979 3622 ,

108 3711 284 3800 Statuae
314 3709 487 3798 cuidam
522 3703 610 3795 hoe
644 3707 910 3821 insculptum
953 3707 1271 3825 reperiebatur:
1313 3709 1407 3795 ani-

109 3911 210 3969 mae
235 3879 434 3967 scelestae
463 3909 551 3966 non
583 3895 646 3963 eet
671 3867 925 3964 concessum
949 3875 1033 3962 hoc
1050 3877 1217 3966 mundo
1244 3877 1407 3994 egredi,

106 4051 362 4164 priusquam
392 4051 455 4136 illi
464 4113 480 4158 ‚a
507 4047 584 4164 qui
613 4047 726 4134 hene
753 4044 807 4134 de
833 4048 927 4161 ipsa
945 4049 1124 4136 meritus
1145 4067 1271 4161 esset,
1288 4044 1406 4138 mala

104 4217 363 4334 rependerit.
