3460 5150
278 456 321 520 54
744 459 888 508 carvr
919 455 1101 510 anxrvrt

285 646 428 739 ponitur
449 643 587 730 signum
609 643 734 708 hoc
750 575 862 714 ,iuba
883 633 952 703 eive
973 570 1055 694 lab·
1075 635 1236 722 Medda,
1264 637 1287 704 i.
1314 657 1341 706 e.
1364 638 1583 754 e.sctensio,.

287 800 504 894 prolongatio
523 799 750 890 appellatum,
772 771 912 876 uvi-m
932 813 1069 858 samaon
1100 795 1254 878 coelum,
1276 817 1341 884 pro
1366 764 1461 874 ll.m
1510 797 1588 884 Ap-

289 927 432 1015 ponitur
452 924 564 992 hoc
539 945 676 1009 mgnum
697 919 891 1006 ubicunque
911 919 1044 986 Hamza
1059 933 1138 1010 post
1152 921 1258 1010 Eliph
1274 921 1514 1012 protractionis
1526 943 1588 990 vo·

291 1073 364 1120 eom
385 1052 555 1120 terminat.

327 1213 329 1220 ,
377 1176 474 1242 le.
494 1173 714 1264 Appingitur
734 1173 860 1240 Medda
883 1183 917 1238 ct
931 1172 1049 1240 literae
1077 1173 1180 1264 Eliph
1202 1195 1320 1244 vocem
1341 1187 1401 1242 aut
1420 1175 1588 1266 syllohom

291 1301 486 1377 inchoanti,
509 1301 568 1368 ubi
590 1299 649 1366 illa
668 1321 731 1390 per
752 1299 893 1366 Fatham
913 1301 1186 1388 pronunciatur,
1215 1313 1249 1366 et
1274 1299 1378 1390 Eliph
1408 1301 1461 1368 rel
1491 1299 1589 1366 bam·

293 1439 409 1494 zatum
443 1437 477 1492 et
514 1425 738 1492 Dscheamate
773 1435 971 1578 notatum,
987 1425 1040 1492 rel
1075 1425 1179 1514 Eliph
1222 1427 1459 1516 protractionis
1492 1426 1589 1514 sequi

294 1584 444 1666 deberet,
465 1595 506 1649 ut
518 1529 596 1666 wi
621 1581 776 1650 eredidit
797 1605 860 1672 pro
881 1538 982 1695 wll
1043 1581 1205 1649 Ceterum
1248 1581 1588 1650 animadvertendum

296 1729 362 1800 est,
383 1720 518 1784 literam
541 1717 693 1804 Eliph
667 1739 765 1804 signo
786 1717 911 1784 Medda
935 1727 1105 1806 notatam,
1127 1718 1189 1784 etsi
1210 1715 1384 1806 duplicem
1405 1715 1509 1806 Eliph
1532 1737 1592 1786 aa·

276 1846 379 1928 leat,
405 1868 476 1912 non
503 1855 618 1910 tamen
648 1839 730 1906 duas
750 1863 868 1908 sonare
889 1843 1026 1924 debere,
1048 1843 1106 1909 secl
1130 1865 1236 1909 unam
1257 1854 1409 1922 tantum,
1431 1865 1517 1930 quaa
1537 1855 1590 1910 ta-

296 1991 377 2036 men
409 1969 636 2060 protrahenda
665 1977 714 2032 est
743 1989 823 2033 cum
859 1970 1006 2056 quadam
1035 1969 1125 2036 vocis
1158 1969 1416 2054 extensione*).
1474 1971 1590 2050 Quare

299 2093 370 2209 φῖ
401 2131 472 2173 non
494 2119 544 2172 est
563 2107 791 2192 legendum
774 2133 819 2172 o·
805 2108 972 2192 *Amana
1001 2111 1057 2176 sed
1087 2110 1240 2199 timna,
1267 2109 1319 2179 uti
1346 2109 1591 2180 Germanicum

304 2247 441 2316 Waore
461 2263 532 2306 non
560 2241 654 2306 Wa-
640 2262 740 2322 -,are
761 2244 818 2309 sed
846 2244 957 2314 Wdre
977 2243 1244 2335 pronunciatur:

304 2477 308 2486 ,
384 2411 464 2478 LX.
486 2407 755 2498 superscribitur
769 2413 892 2479 Medda
914 2432 1049 2500 quoqne
1070 2412 1159 2478 notia
1178 2413 1399 2482 arithmeticis
1419 2428 1453 2482 et
1473 2416 1595 2485 dictio·

299 2561 386 2610 num
417 2536 642 2626 compendiis,
669 2559 725 2604 seu
754 2539 859 2604 literis
886 2537 1036 2625 integras
1064 2537 1225 2606 dictiones
1252 2542 1592 2631 repraesentantibus,

300 2667 426 2754 dequo
447 2664 538 2730 illius
559 2687 623 2730 usu
645 2665 711 2735 vid·
732 2665 832 2756 plura
852 2663 942 2732 infra
964 2659 1009 2758 (ᾗ.
1032 2663 1176 2748 Lxx).

668 3093 895 3184 CAPVT
941 3097 1231 3186 SEXTVM

555 3279 634 3348 nn
674 3277 856 3347 rouo
896 3281 975 3346 nr
1012 3281 1333 3356 nccau'rv.

385 3437 482 3506 LXI.
502 3437 596 3504 Toni
613 3449 648 3504 et
661 3439 834 3504 Accentus
850 3435 979 3501 Arabes
1001 3438 1111 3506 nullas
1131 3441 1254 3508 habent
1274 3453 1371 3511 notas
1390 3445 1596 3532 peculiarem,

303 3563 360 3636 aad
391 3584 476 3650 quae
503 3562 660 3630 dictionis
687 3561 816 3651 syllaba
838 3562 1020 3628 attollenda
1041 3566 1084 3632 sit
1107 3566 1205 3634 facile
1229 3568 1454 3687 cognoscitur.
1498 3577 1593 3648 Nam

301 3703 480 3791 dissyllaba
501 3703 665 3872 attollpnt
685 3702 922 3791 penultimam,
943 3715 984 3769 ut
1000 3727 1074 3790 μυ
1097 3707 1213 3774 baiton
1236 3705 1380 3794 domus,
1409 3648 1475 3829 ΓΖ
1493 3717 1593 3790 tahh-

303 3901 386 3946 nron
409 3897 514 3964 coro,
533 3875 617 3980 fl
640 3873 761 3964 orisor,
790 3876 928 3969 αιῙῘιινιι.
970 3879 1184 3970 Polysyllaba
1204 3888 1533 4039 antepenultimam,
1552 3907 1593 3961 ut

312 3991 361 4036 ⁵..

302 4019 386 4160 ,pi
406 4051 543 4118 firason
571 4073 695 4141 equata,
711 3985 819 4139 αἱ·
840 4053 1019 4122 mactabon
1049 4055 1146 4121 aclrol
1141 4081 1189 4144 ιι,
1200 4077 1289 4147 fa
1315 4063 1460 4147 jansoro
1491 4067 1594 4156 odju-

303 4185 411 4254 vobit
453 4185 588 4266 Syllaba
608 4187 730 4255 ultima
751 4201 875 4257 tonum
896 4211 1086 4277 numquam
1108 4191 1217 4258 babet.

368 4422 389 4488 ¹)
405 4421 493 4491 arsa·
512 4441 539 4492 p.
558 4423 583 4476 6.
