3448 5156
612 331 905 449 -svsn‘unrx
1076 393 1079 400 ·
1175 401 1178 408 ,
1370 369 1437 454 ³9⁵

755 545 836 630 11..
947 597 950 606 -

121 795 130 804 ·
223 763 412 848 Avarum
436 745 669 864 quendam,
696 741 774 856 qui
798 766 954 854 panem
981 755 1026 824 et
1056 733 1272 850 scyphum
1299 729 1438 816 mellis

139 957 286 1017 coram
304 955 350 1008 se
369 919 614 1036 appositum
633 911 827 1016 haberet,
849 907 1007 1020 aliquis
1025 906 1159 1020 petiit,
1175 898 1323 987 liceret
1342 901 1439 1007 sibi,
1458 913 1461 919 '

138 1123 188 1193 ut
210 1101 367 1214 hospes
391 1090 475 1204 ipsi
504 1082 706 1172 adsideat.
736 1119 738 1122 ·
773 1080 852 1168 Ille
885 1094 1034 1162 *entem
1060 1103 1216 1187 panem
1245 1039 1439 1179 abstulit5
1575 1058 1578 1064 ’

139 1273 311 1359 animus
342 1257 521 1382 quidem
548 1255 631 1369 ipsi
659 1270 771 1357 erat,
796 1247 887 1335 ‘mel
912 1205 1108 1345 auferre,
1144 1241 1222 1328 sed
1246 1239 1439 1353 putabat,

141 1436 354 1556 hospitem
376 1429 505 1517 melle
525 1426 616 1510 sine
634 1451 744 1536 pane
765 1445 853 1504 non
872 1411 1150 1500 nesciturum.
1194 1409 1316 1493 'Tum
1334 1405 1444 1490 dixit

142 1607 410 1723 illi:plaoeat
437 1597 515 1682 tibi
541 1585 625 1676 mel
647 1591 744 1674 sine
767 1577 1146 1698 pane'comedere.
1205 1575 1341 1660 Bene!
1367 1575 1443 1658 in·
1587 1653 1588 1656 p
1647 1531 1657 1616 ¹·

142 1781 237 1898 quit
264 1737 443 1886 hospes,
467 1784 513 1852 et
545 1761 689 1847 statim
712 1753 858 1864 eoepit
881 1744 1121 1882 mei-avide
1149 1744 1327 1856 lingere.
1386 1741 1445 1828 At
1566 1759 1569 1764 ’

141 1977 223 2070 per
258 1935 422 2032 Deum!
462 1933 524 2018 mi
542 1931 695 2030 trater,
728 1923 870 2034 inquit
892 1947 1069 2020 avarus,
1105 1887 1299 2028 profecto
1334 1908 1447 1996 illud

142 2108 392 2227 comprimit
420 2131 507 2190 cor.
574 2096 689 2185 Vere
714 2092 847 2197 diois,
890 2084 1117 2204 respondit
1148 2083 1338 2195 hospes,
1365 2077 1444 2164 sed
1531 2141 1536 2150 .

143 2313 220 2375 001*
240 2301 374 2368 tuum.

754 2539 832 2630 nt

233 2761 316 2850 Die
342 2755 452 2841 festo
479 2743 669 2864 quodam
685 2702 924 2852 incipientis
946 2690 1333 2818 anniNuschirvan
1363 2753 1446 2840 pu-

148 2934 314 3024 blicum
329 2923 574 3032 convivium
595 2913 747 3011 dabat,
772 2907 820 2991 in
848 2931 935 3018 quo
959 2899 1082 3012 regni
1108 2925 1310 3012 proceres
1329 2895 1447 3008 pala-

149 3108 264 3194 tium
277 3091 455 3210 ingressi
465 3083 726 3172 assidebant.
783 3077 932 3196 Coena
948 3067 1067 3153 finita
1090 3082 1241 3179 potus,
1269 3065 1446 3167 fructus,

150 3291 192 3360 et
216 3262 492 3354 condimenta
507 3256 553 3339 in
570 3250 714 3338 aureis
732 3240 1030 3358 argenteisque
1050 3235 1228 3322 vasibus
1256 3263 1451 3348 appone·

149 3444 319 3532 bantur.
345 3431 409 3517 Ea
428 3445 571 3510 autem
587 3419 698 3506 dum
714 3409 1047 3502 removebantur
1062 3405 1274 3532 surripuit
1284 3429 1451 3508 eorum,

153 3611 228 3728 qui
261 3601 472 3700 adessent,
492 3589 678 3706 quidam
702 3579 912 3696 scyphum
934 3603 1122 3662 aureum
1148 3571 1271 3658 mille
1294 3567 1452 3656 drach·
1579 3523 1580 3526 b

154 3801 323 3868 marum
339 3763 547 3885 pondere,
560 3733 752 3884 eumque
772 3749 851 3836 sub
871 3763 986 3842 veste
1006 3743 1187 3842 abdidit,
1199 3743 1452 3827 observante

155 3943 473 4042 Nuschirvano.
529 3929 658 4020 Illum
672 3948 811 4056 ‘quum
836 3918 1045 4032 pincerna
1069 3909 1351 4016 desideraret,
1369 3907 1455 3993 alta

157 4150 265 4212 voce
298 4111 424 4199 dixit:
463 4131 617 4204 nemo,
639 4093 725 4181 nisi
742 4088 991 4204 exploratus
1019 4101 1165 4182 antea,
1191 4075 1454 4196 egredietur!

159 4279 398 4404 Quaerenti
424 4273 725 4394 rogitandam,
753 4261 964 4378 pincerna
988 4281 1084 4343 rem
1106 4266 1267 4338 narrat.
1331 4247 1460 4336 Tum

674 4433 681 4445 ’
1157 4419 1250 4488 Ddd
