3448 5156
675 451 920 505 srrnnnrx.
1389 441 1453 531 407
1531 437 1533 442 ·

142 609 268 713 illos,
283 607 563 721 quibuscum
585 636 664 722 per
693 624 826 693 terras
843 603 955 690 bella
972 609 1171 719 gessistis,
1201 637 1397 724 quosque
1425 636 1450 698 a

146 779 313 866 laribus
329 779 415 859 suis
432 779 678 890 eiectosper
689 805 841 860 omnes
857 774 988 862 valles
999 776 1265 890 dispersistis.
1276 781 1447 890 Nonne,

143 979 227 1066 per
256 951 421 1047 Deum,
453 947 489 1032 si
509 947 578 1030 illa
598 960 782 1060 potestas
802 964 1010 1058 perpetuo
1042 975 1172 1058 penes
1192 977 1268 1034 vos
1294 979 1447 1036 mane-
1518 975 1522 983 ·

145 1138 233 1225 ret,
271 1115 443 1201 tandem
471 1113 615 1200 divina
642 1114 786 1198 omnia
821 1113 1101 1230 humanaque
1132 1119 1228 1202 iura
1266 1147 1443 1232 prorsus

147 1282 448 1376 abolerentur?
484 1285 772 1397 Interroganti
806 1281 1002 1368 Chalifae
1036 1269 1234 1389 oausam,
1274 1287 1346 1372 iile
1371 1317 1443 1373 re-

57 1533 61 1540 .
149 1455 342 1572 spondit:
374 1453 476 1566 quia
501 1453 537 1536 si
555 1453 655 1564 quis
667 1481 795 1536 suum
820 1454 885 1536 ius
910 1451 1026 1566 apud
1044 1481 1124 1537 vos
1161 1455 1355 1564 quaerit,
1374 1485 1448 1540 re-

148 1627 345 1742 pellitur,
373 1623 409 1739 si
429 1651 534 1706 vero
549 1622 667 1724 silet,
695 1622 979 1732 opprirnitur3
1010 1652 1151 1736 neque
1187 1624 1302 1708 enim
1333 1649 1445 1744 que·

150 1815 240 1880 stus
271 1793 363 1877 eius
389 1789 638 1890 audiuntur,
669 1821 811 1905 neque
842 1791 1118 1903 oppressione
1151 1791 1338 1894 levatur,
1368 1819 1449 1923 ne-
1548 1827 1552 1832 ·
1589 1775 1593 1784 ’

149 1995 234 2078 que
273 1965 347 2075 qui
377 1963 421 2045 iu
446 1985 546 2046 erun
569 1958 726 2044 iniuste
743 1961 844 2072 agit,
867 1959 1132 2072 prohibetur.
1192 1957 1359 2045 Verum
1381 1975 1444 2044 est

148 2153 190 2218 te
208 2135 317 2255 inter
334 2149 376 2216 et
399 2127 592 2213 subditos
615 2143 710 2209 tuos
738 2127 889 2213 iudicii
916 2129 1007 2214 dies
1015 2191 1028 2232 ,
1057 2157 1148 2240 quo
1166 2148 1336 2212 montes
1354 2127 1447 2214 dis·

151 2303 389 2403 solventur3
428 2324 494 2396 e0,
526 2290 646 2406 quod
671 2291 742 2376 hic
774 2295 940 2381 obtines
972 2295 1205 2410 imperium
1239 2295 1324 2381 vile
1351 2295 1445 2404 erit,

152 2491 194 2562 et
229 2471 360 2584 gioria
399 2483 474 2550 tua
501 2463 771 2575 dignitasque
805 2480 877 2545 tua
898 2491 923 2546 a
946 2464 1351 2564 te‘rernovebiturs
1370 2463 1448 2578 qui

154 2641 231 2728 tihi
257 2664 373 2723 nuno
403 2631 694 2732 auxiliemur,
715 2647 755 2714 te
775 2627 1023 2734 destituent,
1051 2651 1109 2736 et,
1127 2632 1201 2744 qui
1229 2661 1361 2744 super
1390 2649 1448 2736 te,

157 2807 300 2910 iudex,
319 2823 381 2888 est
396 2807 544 2887 iustus.
587 2765 650 2883 td
668 2825 777 2909 quae
798 2799 841 2878 in
862 2797 1013 2880 faciem
1032 2827 1192 2910 pronus
1214 2799 1448 2884 concidens
1498 2873 1516 2902 „

156 2995 197 3064 et
218 2977 261 3060 in
283 2973 522 3084 lachrymas
539 2963 699 3051 effusus
727 2963 894 3047 Chalifa
918 2965 1060 3048 virum
1084 2967 1217 3052 istum
1256 2969 1313 3054 de
1335 2993 1451 3081 quo-

157 3177 256 3238 nam
276 3155 564 3254 conqueratur
578 3136 818 3245 interrogat.
881 3130 1122 3220 Praefectus
1138 3155 1249 3240 tuus,
1267 3163 1449 3248 respon-

157 3319 233 3422 dit,
265 3307 534 3398 Sarnavensis
548 3303 707 3387 iniuste
733 3319 776 3384 et
801 3275 1009 3384 violenter
1030 3328 1100 3385 me
1116 3305 1336 3410 tractavit3
1360 3331 1446 3389 no·

157 3505 245 3572 otes
263 3513 301 3567 er
330 3463 606 3576 libidinibus,
633 3469 725 3555 dies
741 3469 934 3554 futilibus
960 3467 1276 3581 transiguntur,
1303 3494 1345 3557 et
1372 3471 1449 3558 ad·

158 3672 328 3771 spectus
354 3647 444 3731 eius
469 3650 618 3728 t'astum
639 3660 681 3725 et
698 3640 927 3724 vanitatem
953 3638 1107 3750 prodit.
1175 3643 1370 3725 Protinus
1393 3641 1449 3724 ti·
1558 3657 1566 3670 ¹

157 3824 261 3911 teris
281 3817 334 3903 ad
351 3846 451 3901 euru
471 3811 578 3896 datis
602 3808 771 3896 Chalifa
795 3807 950 3914 edixit,
978 3825 1025 3891 ut
1056 3837 1165 3921 quae
1194 3807 1360 3892 homini
1380 3807 1451 3892 in-

69 3985 81 3998 ’
159 3999 266 4080 iuste
312 3985 539 4101 eripuisset
578 3985 842 4085 restitueret3
899 3993 994 4062 tum
1035 4004 1135 4061 eum
1163 4003 1194 4086 a,
1224 3976 1451 4092 provincia

158 4158 353 4252 semovit.
