3460 5150
653 471 716 520 or
747 468 949 522 arrnrrs.
1432 475 1451 538 5

147 623 270 714 Iosepb
296 625 329 710 *)
357 619 481 706 refert,
503 619 595 708 apud
617 620 745 711 priseos
765 620 897 690 Arabes
915 623 985 692 dies
1006 645 1065 692 sex
1081 623 1210 716 priores
1231 626 1451 702 hebdomadis

147 771 211 818 sex
230 749 403 842 prioribus
424 746 587 816 fictorum
608 747 750 816 illorum
771 750 955 820 nominum
974 751 1153 820 literarum
1181 775 1249 822 esse
1270 778 1451 848 nuncupa.

148 887 223 963 tos;
252 875 343 947 unde
371 873 486 964 colligi
509 884 640 964 potest,
665 874 736 942 duo
762 887 933 963 postrema
960 878 1117 968 nomina,
1144 881 1293 972 adeoque
1321 885 1450 964 literae,

148 1002 273 1094 qulbus
294 1003 502 1084 formantur,
520 1001 588 1068 illis
610 999 713 1066 fuisse
733 1002 871 1092 ignota3
891 1005 1043 1094 alioquin
1064 1005 1107 1074 ad
1128 1007 1373 1094 designandum
1394 1034 1447 1080 se·

147 1129 303 1218 ptimum
325 1131 416 1198 diem
438 1127 622 1218 septimum
640 1139 700 1194 aut
724 1139 883 1198 octavum
903 1133 1045 1200 illorum
1062 1133 1247 1200 nominum
1260 1136 1451 1208 adhibitum

143 1255 253 1374 p‘uispe
277 1256 433 1326 credibile
456 1265 516 1322 est.
558 1253 625 1324 Sed
655 1255 747 1324 diem
767 1256 969 1348 septimum,
999 1259 1069 1328 sire
1090 1258 1256 1350 Veneris,
1285 1275 1452 1334 vacarum

146 1397 262 1498 ³⁶9!
282 1395 446 1470 Arubub.

431 1579 504 1648 DE
540 1581 774 1654 FIGVRIS
810 1589 1173 1660 LITERARVM.

231 1719 295 1788 IV·
339 1719 545 1791 Flevaan
569 1724 747 1794 literarum
761 1729 991 1798 Arabicarum
1013 1731 1096 1798 olim
1117 1753 1190 1796 non
1204 1725 1349 1804 eaedem,
1367 1747 1453 1816 quae

147 1846 266 1934 hodie,
294 1845 449 1912 fuerunt·
500 1849 588 1931 Quis
612 1855 746 1941 primus
766 1856 857 1922 inter
877 1857 966 1944 ipsos
988 1857 1133 1924 scribere
1157 1854 1338 1944 inceperit,
1361 1825 1455 1919 Ara·

147 1975 206 2040 bes
226 1973 293 2064 ipsi
314 1974 474 2059 ignorare
495 1973 658 2042 fatentur.
700 1979 956 2060 Vetustissima,
974 1981 1071 2048 cuius
1086 1982 1297 2048 mentionem
1310 1977 1452 2064 faciunt,

97 2156 102 2163 .
146 2101 327 2189 arreptura
354 2111 404 2164 est
429 2099 757 2192 Hamyarensium,
783 2105 870 2187 sive,
902 2115 978 2170 uta
1001 2105 1137 2172 Graecis
1162 2103 1361 2190 Latinisque
1386 2125 1452 2170 vo·

148 2239 291 2312 cantur,
316 2225 608 2308 Homeritarum‚
637 2229 696 2318 qui
721 2251 740 2294 s
763 2227 962 2311 Coclitem,
983 2231 1052 2300 sire
1075 2233 1220 2298 Joctanc
1243 2240 1360 2296 ortum
1385 2227 1452 2294 du·

148 2365 299 2434 xerunt,
326 2365 360 2420 et
382 2353 473 2420 ultra
496 2354 577 2421 MM
606 2375 713 2420 annos
735 2365 812 2422 ante
836 2357 1114 2426 Mohammedem
1133 2355 1298 2426 Arabiam
1316 2353 1452 2420 felicem

149 2487 348 2574 tenuerunt.
393 2478 502 2561 Quale
524 2491 639 2546 autem
658 2481 745 2548 illud
767 2481 953 2570 scripturae
970 2504 1075 2569 genus
1089 2483 1214 2566 fucrit,
1236 2482 1335 2548 bodie
1351 2481 1451 2572 plane

143 2609 346 2698 ignoratur,
375 2625 484 2694 quum
512 2605 606 2672 nulla
629 2603 721 2672 illius
743 2607 907 2696 reliquiae
940 2609 1122 2697 supersint.
1166 2607 1316 2676 Videtur
1344 2629 1451 2696 usque
1564 2606 1570 2614 ’

149 2733 193 2799 ad
206 2729 456 2798 Mobammedis
475 2740 631 2819 tempora
645 2733 683 2798 in
702 2755 768 2800 usu
785 2733 898 2800 fuisse.
927 2734 1024 2802 Tum
1046 2748 1160 2802 autem
1181 2734 1338 2800 successit
1357 2731 1450 2800 aliud

149 2872 337 2962 scripturae
363 2892 489 2958 genus,
521 2869 676 2961 Cuficum
695 2877 920 2968 appellatum,
948 2897 966 2941 a
994 2815 1450 2974 casa(u,s),urbe1ra-

150 3027 207 3074 cae
230 3007 299 3074 sire
321 3005 505 3076 Chaldaeae
524 3009 567 3076 ad
587 3009 799 3099 Euphratem
818 3011 892 3098 sita,
914 3010 1067 3099 quodibi
1084 3009 1136 3078 vel
1157 3011 1310 3099 primum
1329 3008 1449 3076 iuven·
1507 3107 1511 3115 Ι

150 3145 244 3220 tum,
273 3133 328 3200 vel
350 3135 459 3222 magis
481 3134 660 3200 excultum
681 3147 775 3200 esset.
795 3139 850 3222 **)
891 3137 1027 3204 Literae
1050 3135 1177 3204 cuficae
1188 3135 1354 3203 formatae
1369 3147 1448 3201 sunt

151 3282 170 3326 e
190 3259 336 3348 Syriacis
359 3258 526 3350 antiquis,
546 3283 629 3349 quas
649 3257 874 3351 στρόγγυλας,
901 3263 922 3329 i.
941 3285 970 3330 e.
995 3263 1158 3331 rotundas
1181 3273 1314 3330 vocant.
1354 3261 1451 3328 Cras·

151 3407 206 3452 sae
225 3397 324 3466 sunt,
345 3386 440 3466 stilo,
461 3386 515 3452 vel
537 3387 668 3454 calamo
684 3385 761 3454 non*
776 3387 856 3456 fisso
879 3391 1037 3479 scriptae,
1059 3390 1238 3479 spatiosae,
1259 3389 1449 3476 angulatae,

149 3512 330 3600 rubrisque
355 3513 509 3600 punctis,
537 3513 712 3580 interdum
731 3514 844 3602 flavis,
876 3515 952 3580 loco
981 3517 1152 3582 vocalium
1182 3527 1329 3582 ornatae.
1370 3515 1449 3582 Hoc

148 3640 337 3728 scripturae
352 3661 457 3726 genus
471 3639 590 3706 floruit
607 3662 667 3730 per
683 3639 772 3708 CCC
794 3663 920 3727 annos,
939 3641 1018 3708 licet
1037 3643 1075 3708 in
1098 3641 1229 3728 numis,
1252 3653 1286 3710 et
1310 3642 1348 3710 in
1372 3643 1449 3730 qui-

148 3765 294 3833 busdam
324 3766 556 3834 monumentis
584 3766 844 3856 sepulchrorum
866 3791 971 3856 usque
1000 3768 1043 3835 ad
1063 3769 1247 3858 septimum
1268 3779 1349 3855 post
1371 3767 1448 3832 Mo·

149 3891 368 3960 bammedem
394 3894 566 3982 seculum,
609 3903 710 3984 atque
734 3893 773 3960 in
800 3893 908 3960 titulis
935 3893 1105 3961 librorum
1134 3891 1380 3960 Africanorum
1404 3887 1447 3956 ad

68 4217 70 4220 Ι
219 4149 242 4216 ·)
261 4151 294 4202 ln
311 4149 368 4204 En.
385 4147 557 4203 Pococrrr
574 4147 689 4219 Species·
706 4152 783 4206 Hice.
802 4149 887 4206 Atat.
904 4169 931 4222 p·
948 4153 1010 4221 5¹7·
1027 4149 1091 4208 edit.
1109 4163 1171 4216 reo,
1187 4167 1216 4218 p·
1228 4145 1289 4201 aar.
1307 4145 1445 4202 edituos.

144 4251 238 4312 ,Onera
257 4251 332 4308 1806.

218 4351 253 4420 ”l
270 4355 297 4408 J,
317 4351 353 4404 G.
373 4351 404 4406 C·
423 4351 545 4408 Auara
561 4357 719 4430 Descriptio
739 4357 819 4410 eadat
837 4355 1005 4428 quorundam
1024 4352 1174 4423 castorum
1189 4363 1238 4404 etc.
1251 4351 1446 4422 praeusittitur

146 4452 301 4525 dr'squiaitio
319 4455 352 4508 dc
369 4463 432 4510 orte
447 4456 585 4511 scribendi
600 4459 676 4527 opud
688 4460 795 4515 Arabes
801 4495 810 4526 ,
829 4458 926 4510 Alton:
941 4455 1016 4524 ²7⁸0·
1034 4455 1060 4506 4.
1107 4528 1111 4536 1
